@Book{cstrmc2008,
  title = {Cuenta satélite de turismo: Recomendaciones sobre el marco conceptual},
  author = {{OMT}, {ONU}, {EUROSTAT} and {OCDE}},
  publisher = {ONU},
  address = {Luxemburgo/Madrid/París/Nueva York},
  year = {2008},
  url = {https://www.e-unwto.org/doi/book/10.18111/9789213612392},
}

@Book{ciiurev4,
  title = {Clasificación Industrial Internacional Uniforme de todas las actividades económicas (CIIU), Revisión 4},
  author = {{Organización de las Naciones Unidas}},
  publisher = {ONU},
  address = {Nueva York},
  year = {2009},
  url = {https://unstats.un.org/unsd/publication/seriesm/seriesm_4rev4s.pdf},
}

@Book{riet2008,
  title = {Recomendaciones internacionales para estadísticas de turismo 2008},
  author = {{Organización de las Naciones Unidas} y {Organización Mundial del Turismo}},
  publisher = {ONU},
  address = {Madrid/Nueva York},
  year = {2010},
  url = {https://unstats.un.org/unsd/publication/seriesm/seriesm_83rev1s.pdf},
}


@Book{oit2014,
  title = {Introducción a las Estadísticas Laborales de Turismo},
  author = {{Organización Internacional del Trabajo}},
  publisher = {OIT},
  address = {Ginebra},
  year = {2014},
  url = {https://webunwto.s3-eu-west-1.amazonaws.com/imported_images/25994/ilo_b_sp.pdf},
}

@Book{mintur2007,
  title = {El empleo en ramas características del turismo en Argentina},
  author = {{Ministerio de Turismo y Deportes}},
  publisher = {Ministerio de Turismo y Deportes},
  address = {Buenos Aires},
  year = {2007},
  url = {https://www.yvera.tur.ar/estadistica/},
}